<record><leader>00000cas a22000007a 4500</leader><controlfield tag="001">33490539</controlfield><controlfield tag="008">951116d19181925okuwr n       0    0eng d</controlfield><datafield ind1=" " ind2=" " tag="010"><subfield code="a">sn 95076316 </subfield></datafield><datafield ind1=" " ind2=" " tag="040"><subfield code="a">OBN</subfield><subfield code="b">eng</subfield><subfield code="c">OBN</subfield><subfield code="d">OCL</subfield><subfield code="d">OCLCQ</subfield><subfield code="d">OCLCF</subfield><subfield code="d">OCLCO</subfield></datafield><datafield ind1="1" ind2=" " tag="029"><subfield code="a">AU@</subfield><subfield code="b">000012176595</subfield></datafield><datafield ind1=" " ind2=" " tag="042"><subfield code="a">msc</subfield></datafield><datafield ind1=" " ind2=" " tag="043"><subfield code="a">n-us-ok</subfield></datafield><datafield ind1="0" ind2=" " tag="130"><subfield code="a">Ledger-democrat (Broken Arrow, Okla.)</subfield></datafield><datafield ind1="1" ind2="0" tag="245"><subfield code="a">Ledger-democrat.</subfield></datafield><datafield ind1=" " ind2=" " tag="260"><subfield code="a">Broken Arrow, Tulsa County, Okla. :</subfield><subfield code="b">John E. Wells</subfield></datafield><datafield ind1=" " ind2=" " tag="300"><subfield code="a">v.</subfield></datafield><datafield ind1=" " ind2=" " tag="310"><subfield code="a">Weekly</subfield></datafield><datafield ind1="0" ind2=" " tag="362"><subfield code="a">Vol. 15, no. 52 (Apr. 4, 1918)-v. 23, no. 14 (Sep. 3, 1925).</subfield></datafield><datafield ind1=" " ind2="0" tag="651"><subfield code="a">Broken Arrow (Okla.)</subfield><subfield code="v">Newspapers.</subfield></datafield><datafield ind1=" " ind2="0" tag="651"><subfield code="a">Tulsa County (Okla.)</subfield><subfield code="v">Newspapers.</subfield></datafield><datafield ind1=" " ind2="7" tag="655"><subfield code="a">Newspapers.</subfield><subfield code="2">fast</subfield><subfield code="0">(OCoLC)fst01423814</subfield></datafield><datafield ind1=" " ind2="7" tag="651"><subfield code="a">Oklahoma</subfield><subfield code="z">Broken Arrow.</subfield><subfield code="2">fast</subfield><subfield code="0">(OCoLC)fst01236703</subfield></datafield><datafield ind1=" " ind2="7" tag="651"><subfield code="a">Oklahoma</subfield><subfield code="z">Tulsa County.</subfield><subfield code="2">fast</subfield><subfield code="0">(OCoLC)fst01220997</subfield></datafield><datafield ind1=" " ind2=" " tag="752"><subfield code="a">United States</subfield><subfield code="b">Oklahoma</subfield><subfield code="c">Tulsa.</subfield></datafield><datafield ind1="0" ind2="4" tag="780"><subfield code="t">Broken Arrow democrat</subfield><subfield code="w">(DLC)sn 95076315</subfield><subfield code="w">(OCoLC)33489321</subfield></datafield><datafield ind1="0" ind2="4" tag="780"><subfield code="t">Broken Arrow ledger (Broken Arrow, Okla. : 1903)</subfield><subfield code="w">(DLC)sn 95076313</subfield><subfield code="w">(OCoLC)33482736</subfield></datafield><datafield ind1="0" ind2="0" tag="785"><subfield code="t">Broken Arrow ledger (Broken Arrow, Okla. : 1925)</subfield><subfield code="w">(DLC)sn 95076317</subfield><subfield code="w">(OCoLC)27826374</subfield></datafield></record>